@article{Liang2015a,
author = {Liang, M and Voller, V R and Paola, C},
doi = {10.5194/esurf-3-67-2015},
file = {:home/jayh/.local/share/data/Mendeley Ltd./Mendeley Desktop/Downloaded/Liang, Voller, Paola - 2015 - A reduced-complexity model for river delta formation – Part 1 Modeling deltas with channel dynamics.pdf:pdf},
issn = {2196632X},
journal = {Earth Surface Dynamics},
mendeley-groups = {NASA App 2019,MS Thesis,CFD Project,GeometricPaper,Proposal},
number = {1},
pages = {67--86},
title = {{A reduced-complexity model for river delta formation - Part 1: Modeling deltas with channel dynamics}},
volume = {3},
year = {2015}
}
@article{Liang2015,
author = {Liang, M and Geleynse, N and Edmonds, D A and Passalacqua, P},
doi = {10.5194/esurf-3-87-2015},
file = {:home/jayh/.local/share/data/Mendeley Ltd./Mendeley Desktop/Downloaded/Liang et al. - 2015 - A reduced-complexity model for river delta formation – Part 2 Assessment of the flow routing scheme.pdf:pdf},
issn = {2196632X},
journal = {Earth Surface Dynamics},
mendeley-groups = {Cited in Delta Proposal,NASA App 2019,MS Thesis,CFD Project,GeometricPaper,Proposal},
number = {1},
pages = {87--104},
title = {{A reduced-complexity model for river delta formation - Part 2: Assessment of the flow routing scheme}},
volume = {3},
year = {2015}
}
@article{Liang2016a,
author = {Liang, Man and {Van Dyk}, Corey and Passalacqua, Paola},
doi = {10.1002/2015JF003653},
issn = {21699003},
journal = {Journal of Geophysical Research: Earth Surface},
mendeley-groups = {MS Thesis,GeometricPaper,NASA App 2019},
month = {feb},
number = {2},
pages = {465--496},
title = {{Quantifying the patterns and dynamics of river deltas under conditions of steady forcing and relative sea level rise}},
volume = {121},
year = {2016}
}
@article{Liang2016,
author = {Liang, Man and Kim, Wonsuck and Passalacqua, Paola},
doi = {10.1002/2016GL070519},
issn = {19448007},
journal = {Geophysical Research Letters},
keywords = {numerical modeling,river deltas,rule-based model,subsidence},
mendeley-groups = {MS Thesis,GeometricPaper,Cited in Delta Proposal},
month = {oct},
number = {19},
pages = {10,266--10,276},
title = {{How much subsidence is enough to change the morphology of river deltas?}},
volume = {43},
year = {2016}
}
@article{Lauzon2018,
author = {Lauzon, Rebecca and Murray, A. Brad},
doi = {10.1029/2018GL079405},
file = {:home/jayh/.local/share/data/Mendeley Ltd./Mendeley Desktop/Downloaded/Lauzon, Murray - 2018 - Comparing the Cohesive Effects of Mud and Vegetation on Delta Evolution(2).pdf:pdf},
issn = {19448007},
journal = {Geophysical Research Letters},
keywords = {cohesive sediment,river delta,vegetation},
month = {oct},
number = {19},
pages = {10,437--10,445},
publisher = {John Wiley & Sons, Ltd},
title = {{Comparing the Cohesive Effects of Mud and Vegetation on Delta Evolution}},
volume = {45},
year = {2018}
}
@article{Lauzon2019,
author = {Lauzon, Rebecca and Piliouras, Anastasia and Rowland, Joel C.},
doi = {10.1029/2019GL082792},
issn = {19448007},
journal = {Geophysical Research Letters},
keywords = {Arctic,delta,ice,modeling,permafrost},
mendeley-groups = {Proposal,GeometricPaper},
month = {jun},
number = {12},
pages = {6574--6582},
publisher = {Blackwell Publishing Ltd},
title = {{Ice and Permafrost Effects on Delta Morphology and Channel Dynamics}},
volume = {46},
year = {2019}
}
@article{Piliouras2021,
author = {Piliouras, A. and Lauzon, R. and Rowland, J. C.},
doi = {10.1029/2020jf005706},
issn = {2169-9003},
journal = {Journal of Geophysical Research: Earth Surface},
keywords = {arctic,channel dynamics,delta,ice,morphodynamics,permafrost},
mendeley-groups = {GeometricPaper},
month = {apr},
number = {4},
pages = {e2020JF005706},
publisher = {American Geophysical Union (AGU)},
title = {{Unraveling the Combined Effects of Ice and Permafrost on Arctic Delta Morphodynamics}},
volume = {126},
year = {2021}
}
@manual{MATLAB:R2019b_u4,
  address = {Natick, Massachusetts},
  organization = {The Mathworks, Inc.},
  title = {{MATLAB version 9.7.0.1296695 (R2019b) Update 4}},
  year = {2019},
}
@misc{PythonSoftwareFoundation2016,
author = {{Python Software Foundation}},
title = {{Welcome to Python.org}},
year = {2016}
}
@article{Shaw2008,
author = {Shaw, John B. and Wolinsky, Matthew A. and Paola, Chris and Voller, Vaughan R.},
doi = {10.1029/2008GL033963},
issn = {00948276},
journal = {Geophysical Research Letters},
mendeley-groups = {GeometricPaper},
month = {jun},
number = {12},
pages = {n/a--n/a},
title = {{An image-based method for shoreline mapping on complex coasts}},
volume = {35},
year = {2008}
}
@article{scikit-image,
 title = {scikit-image: image processing in {P}ython},
 author = {van der Walt, {S}t\'efan and {S}ch\"onberger, {J}ohannes {L}. and
           {Nunez-Iglesias}, {J}uan and {B}oulogne, {F}ran\c{c}ois and {W}arner,
           {J}oshua {D}. and {Y}ager, {N}eil and {G}ouillart, {E}mmanuelle and
           {Y}u, {T}ony and the scikit-image contributors},
 year = {2014},
 month = {6},
 keywords = {Image processing, Reproducible research, Education,
             Visualization, Open source, Python, Scientific programming},
 volume = {2},
 pages = {e453},
 journal = {PeerJ},
 issn = {2167-8359},
 doi = {10.7717/peerj.453}
}
@article{zhang1984fast,
  title={A fast parallel algorithm for thinning digital patterns},
  author={Zhang, TY and Suen, Ching Y.},
  journal={Communications of the ACM},
  volume={27},
  number={3},
  pages={236--239},
  year={1984},
  publisher={ACM New York, NY, USA}
}
@phdthesis{roberts1963machine,
  title={Machine perception of three-dimensional solids},
  author={Roberts, Lawrence G},
  year={1963},
  school={Massachusetts Institute of Technology}
}
@article{Wickert2013,
annote = {doi: 10.1029/2012JF002386},
author = {Wickert, Andrew D and Martin, John M and Tal, Michal and Kim, Wonsuck and Sheets, Ben and Paola, Chris},
doi = {10.1029/2012JF002386},
issn = {21699011},
journal = {Journal of Geophysical Research: Earth Surface},
keywords = {alluvial rivers,avulsion,channel mobility,data analysis,experiment,sediment flux},
mendeley-groups = {MS Thesis},
month = {apr},
number = {2},
pages = {396--412},
publisher = {John Wiley & Sons, Ltd},
title = {{River channel lateral mobility: Metrics, time scales, and controls}},
volume = {118},
year = {2013}
}
@article{Cazanacli2002,
author = {Cazanacli, Dan and Paola, Chris and Parker, Gary},
doi = {10.1061/(ASCE)0733-9429(2002)128:3(322)},
issn = {0733-9429},
journal = {Journal of Hydraulic Engineering},
mendeley-groups = {MS Thesis},
month = {mar},
number = {3},
pages = {322--330},
title = {{Experimental Steep, Braided Flow: Application to Flooding Risk on Fans}},
volume = {128},
year = {2002}
}
@article{wilcoxon1945,
 ISSN = {00994987},
 URL = {http://www.jstor.org/stable/3001968},
 author = {Frank Wilcoxon},
 journal = {Biometrics Bulletin},
 number = {6},
 pages = {80--83},
 publisher = {[International Biometric Society, Wiley]},
 title = {Individual Comparisons by Ranking Methods},
 volume = {1},
 year = {1945}
}
@misc{Pearson1905,
author = {Pearson, Karl},
booktitle = {Nature},
doi = {10.1038/072294b0},
issn = {00280836},
keywords = {Humanities and Social Sciences,Science,multidisciplinary},
number = {1865},
pages = {294},
publisher = {Nature Publishing Group},
title = {{The problem of the random walk}},
volume = {72},
year = {1905}
}
@article{Moodie2021,
author = {Moodie, Andrew J and Hariharan, Jayaram and Barefoot, Eric and Passalacqua, Paola},
doi = {10.21105/joss.03398},
journal = {Journal of Open Source Software},
mendeley-groups = {Proposal},
number = {64},
pages = {3398},
publisher = {The Open Journal},
title = {{*pyDeltaRCM*: a flexible numerical delta model}},
volume = {6},
year = {2021}
}

@article{Geleynse2012,
author = {Geleynse, N. and Voller, V. R. and Paola, C. and Ganti, V.},
doi = {10.1029/2012GL052845},
issn = {00948276},
journal = {Geophysical Research Letters},
mendeley-groups = {GeometricPaper,Cited in Delta Proposal,Proposal},
month = {sep},
number = {17},
pages = {n/a--n/a},
title = {{Characterization of river delta shorelines}},
volume = {39},
year = {2012}
}
@article{Baar2019,
author = {Baar, A. W. and {Boechat Albernaz}, M. and van Dijk, W. M. and Kleinhans, M. G.},
doi = {10.1038/s41467-019-12753-x},
issn = {20411723},
journal = {Nature Communications},
month = {dec},
number = {1},
pages = {4903},
pmid = {31653869},
publisher = {NLM (Medline)},
title = {{Critical dependence of morphodynamic models of fluvial and tidal systems on empirical downslope sediment transport}},
volume = {10},
year = {2019}
}
@article{Garcia2008,
address = {Reston, VA},
author = {Garcia, Marcelo},
doi = {10.1061/9780784408148},
editor = {Garcia, Marcelo},
isbn = {978-0-7844-0814-8},
keywords = {Computer models,Geomorphology,Ice,Laws,Measurement,Restoration,River bank erosion,Scour,Sediment,Sediment transport,Watersheds},
month = {may},
publisher = {American Society of Civil Engineers},
title = {{Sedimentation Engineering}},
year = {2008}
}
@inproceedings{meyer1948formulas,
  title={Formulas for bed-load transport},
  author={Meyer-Peter, Eugen and M{\"u}ller, R},
  booktitle={IAHSR 2nd meeting, Stockholm, appendix 2},
  year={1948},
  organization={IAHR}
}
